<record><leader>00000cas a22000007a 4500</leader><controlfield tag="001">21897840</controlfield><controlfield tag="008">900622u1979uuuugauwr ne      0    0eng d</controlfield><datafield ind1=" " ind2=" " tag="010"><subfield code="a">sn 90052055 </subfield></datafield><datafield ind1=" " ind2=" " tag="040"><subfield code="a">NLG</subfield><subfield code="b">eng</subfield><subfield code="c">NLG</subfield><subfield code="d">GUA</subfield><subfield code="d">OCLCQ</subfield></datafield><datafield ind1=" " ind2=" " tag="042"><subfield code="a">msc</subfield></datafield><datafield ind1=" " ind2=" " tag="043"><subfield code="a">n-us-ga</subfield></datafield><datafield ind1="0" ind2=" " tag="130"><subfield code="a">Hahira gold leaf (Hahira, Ga. : 1979)</subfield></datafield><datafield ind1="1" ind2="0" tag="245"><subfield code="a">Hahira gold leaf.</subfield></datafield><datafield ind1=" " ind2=" " tag="260"><subfield code="a">Lowndes County :</subfield><subfield code="b">[s.n.],</subfield><subfield code="c">1979-</subfield></datafield><datafield ind1=" " ind2=" " tag="300"><subfield code="a">v.</subfield></datafield><datafield ind1=" " ind2=" " tag="310"><subfield code="a">Weekly</subfield></datafield><datafield ind1="0" ind2=" " tag="362"><subfield code="a">Vol. 56, no. 37 (Feb. 15, 1979)-</subfield></datafield><datafield ind1=" " ind2=" " tag="530"><subfield code="a">Also on microfilm: Athens, Ga. : University of Georgia Libraries.</subfield></datafield><datafield ind1=" " ind2=" " tag="752"><subfield code="a">United States</subfield><subfield code="b">Georgia</subfield><subfield code="c">Lowndes</subfield><subfield code="d">Hahira.</subfield></datafield><datafield ind1="0" ind2="0" tag="780"><subfield code="t">Gold leaf Hahira news</subfield><subfield code="w">(DLC)sn 90052054</subfield><subfield code="w">(OCoLC)21897850</subfield></datafield><datafield ind1="1" ind2=" " tag="029"><subfield code="a">AU@</subfield><subfield code="b">000025855339</subfield></datafield></record>